@electronic{ref:titlepage:pvanlage,
    author          = {AleSpa},
    note            = {[Stand: 05. Mai 2016]},
    year            = {2012},
    month           = {Juli},
    title           = {Photovoltaik Dachanlage Hannover - Schwarze Heide - Leistung 1 MW},
    organisation    = {Wikimedia Commons},
    url             = {https://en.wikipedia.org/wiki/File:Photovoltaik_Dachanlage_Hannover_-_Schwarze_Heide_-_1_MW.jpg},
}
